%YAML 1.1
%TAG !u! tag:unity3d.com,2011:
--- !u!1 &728259453278569001
GameObject:
  m_ObjectHideFlags: 0
  m_CorrespondingSourceObject: {fileID: 0}
  m_PrefabInstance: {fileID: 0}
  m_PrefabAsset: {fileID: 0}
  serializedVersion: 6
  m_Component:
  - component: {fileID: 728259453278569003}
  - component: {fileID: 728259453278569000}
  - component: {fileID: 728259453278569002}
  m_Layer: 0
  m_Name: Player
  m_TagString: Untagged
  m_Icon: {fileID: 0}
  m_NavMeshLayer: 0
  m_StaticEditorFlags: 0
  m_IsActive: 1
--- !u!4 &728259453278569003
Transform:
  m_ObjectHideFlags: 0
  m_CorrespondingSourceObject: {fileID: 0}
  m_PrefabInstance: {fileID: 0}
  m_PrefabAsset: {fileID: 0}
  m_GameObject: {fileID: 728259453278569001}
  m_LocalRotation: {x: 0, y: 0, z: 0, w: 1}
  m_LocalPosition: {x: 0, y: 0, z: -0.1}
  m_LocalScale: {x: 1, y: 1, z: 1}
  m_Children:
  - {fileID: 728259453520726809}
  - {fileID: 5444524343876175492}
  - {fileID: 1507576584716910912}
  - {fileID: 5888042602300425489}
  - {fileID: 8986979307175553524}
  m_Father: {fileID: 0}
  m_RootOrder: 0
  m_LocalEulerAnglesHint: {x: 0, y: 0, z: 0}
--- !u!212 &728259453278569000
SpriteRenderer:
  m_ObjectHideFlags: 0
  m_CorrespondingSourceObject: {fileID: 0}
  m_PrefabInstance: {fileID: 0}
  m_PrefabAsset: {fileID: 0}
  m_GameObject: {fileID: 728259453278569001}
  m_Enabled: 1
  m_CastShadows: 0
  m_ReceiveShadows: 0
  m_DynamicOccludee: 1
  m_MotionVectors: 1
  m_LightProbeUsage: 1
  m_ReflectionProbeUsage: 1
  m_RayTracingMode: 0
  m_RenderingLayerMask: 1
  m_RendererPriority: 0
  m_Materials:
  - {fileID: 10754, guid: 0000000000000000f000000000000000, type: 0}
  m_StaticBatchInfo:
    firstSubMesh: 0
    subMeshCount: 0
  m_StaticBatchRoot: {fileID: 0}
  m_ProbeAnchor: {fileID: 0}
  m_LightProbeVolumeOverride: {fileID: 0}
  m_ScaleInLightmap: 1
  m_ReceiveGI: 1
  m_PreserveUVs: 0
  m_IgnoreNormalsForChartDetection: 0
  m_ImportantGI: 0
  m_StitchLightmapSeams: 1
  m_SelectedEditorRenderState: 0
  m_MinimumChartSize: 4
  m_AutoUVMaxDistance: 0.5
  m_AutoUVMaxAngle: 89
  m_LightmapParameters: {fileID: 0}
  m_SortingLayerID: 0
  m_SortingLayer: 0
  m_SortingOrder: 0
  m_Sprite: {fileID: 0}
  m_Color: {r: 0.5058824, g: 0.8941177, b: 0.13725491, a: 1}
  m_FlipX: 0
  m_FlipY: 0
  m_DrawMode: 1
  m_Size: {x: 0.45, y: 0.45}
  m_AdaptiveModeThreshold: 0.5
  m_SpriteTileMode: 0
  m_WasSpriteAssigned: 0
  m_MaskInteraction: 0
  m_SpriteSortPoint: 0
--- !u!114 &728259453278569002
MonoBehaviour:
  m_ObjectHideFlags: 0
  m_CorrespondingSourceObject: {fileID: 0}
  m_PrefabInstance: {fileID: 0}
  m_PrefabAsset: {fileID: 0}
  m_GameObject: {fileID: 728259453278569001}
  m_Enabled: 1
  m_EditorHideFlags: 0
  m_Script: {fileID: 11500000, guid: 4d0390bd8b8ffd640b34fe25065ff1df, type: 3}
  m_Name: 
  m_EditorClassIdentifier: 
  updateType: 0
  isSpeedBased: 0
  hasOnStart: 0
  hasOnPlay: 0
  hasOnUpdate: 0
  hasOnStepComplete: 0
  hasOnComplete: 0
  hasOnTweenCreated: 0
  hasOnRewind: 0
  onStart:
    m_PersistentCalls:
      m_Calls: []
  onPlay:
    m_PersistentCalls:
      m_Calls: []
  onUpdate:
    m_PersistentCalls:
      m_Calls: []
  onStepComplete:
    m_PersistentCalls:
      m_Calls: []
  onComplete:
    m_PersistentCalls:
      m_Calls: []
  onTweenCreated:
    m_PersistentCalls:
      m_Calls: []
  onRewind:
    m_PersistentCalls:
      m_Calls: []
  targetIsSelf: 1
  targetGO: {fileID: 0}
  tweenTargetIsTargetGO: 1
  delay: 0
  duration: 0.2
  easeType: 37
  easeCurve:
    serializedVersion: 2
    m_Curve:
    - serializedVersion: 3
      time: 0
      value: 0
      inSlope: 0
      outSlope: 0
      tangentMode: 0
      weightedMode: 0
      inWeight: 0
      outWeight: 0
    - serializedVersion: 3
      time: 0.47304127
      value: 1.1856924
      inSlope: 1.3924539
      outSlope: 1.3924539
      tangentMode: 0
      weightedMode: 0
      inWeight: 0.33333334
      outWeight: 0.33333334
    - serializedVersion: 3
      time: 1
      value: 0
      inSlope: 0
      outSlope: 0
      tangentMode: 0
      weightedMode: 0
      inWeight: 0
      outWeight: 0
    m_PreInfinity: 2
    m_PostInfinity: 2
    m_RotationOrder: 4
  loopType: 0
  loops: 1
  id: 
  isRelative: 0
  isFrom: 0
  isIndependentUpdate: 0
  autoKill: 0
  isActive: 1
  isValid: 1
  target: {fileID: 728259453278569003}
  animationType: 5
  targetType: 11
  forcedTargetType: 0
  autoPlay: 0
  useTargetAsV3: 0
  endValueFloat: 1.2
  endValueV3: {x: 1.2, y: 1.2, z: 1}
  endValueV2: {x: 0, y: 0}
  endValueColor: {r: 1, g: 1, b: 1, a: 1}
  endValueString: 
  endValueRect:
    serializedVersion: 2
    x: 0
    y: 0
    width: 0
    height: 0
  endValueTransform: {fileID: 0}
  optionalBool0: 0
  optionalFloat0: 0
  optionalInt0: 0
  optionalRotationMode: 0
  optionalScrambleMode: 0
  optionalString: 
--- !u!1 &728259453520726806
GameObject:
  m_ObjectHideFlags: 0
  m_CorrespondingSourceObject: {fileID: 0}
  m_PrefabInstance: {fileID: 0}
  m_PrefabAsset: {fileID: 0}
  serializedVersion: 6
  m_Component:
  - component: {fileID: 728259453520726809}
  - component: {fileID: 728259453520726808}
  m_Layer: 0
  m_Name: FX_trail_R
  m_TagString: Untagged
  m_Icon: {fileID: 0}
  m_NavMeshLayer: 0
  m_StaticEditorFlags: 0
  m_IsActive: 0
--- !u!4 &728259453520726809
Transform:
  m_ObjectHideFlags: 0
  m_CorrespondingSourceObject: {fileID: 0}
  m_PrefabInstance: {fileID: 0}
  m_PrefabAsset: {fileID: 0}
  m_GameObject: {fileID: 728259453520726806}
  m_LocalRotation: {x: -0, y: -0, z: -0, w: 1}
  m_LocalPosition: {x: 0.074, y: -1.51, z: 0.1}
  m_LocalScale: {x: 1, y: 1, z: 1}
  m_Children: []
  m_Father: {fileID: 728259453278569003}
  m_RootOrder: 0
  m_LocalEulerAnglesHint: {x: 0, y: 0, z: 0}
--- !u!212 &728259453520726808
SpriteRenderer:
  m_ObjectHideFlags: 0
  m_CorrespondingSourceObject: {fileID: 0}
  m_PrefabInstance: {fileID: 0}
  m_PrefabAsset: {fileID: 0}
  m_GameObject: {fileID: 728259453520726806}
  m_Enabled: 1
  m_CastShadows: 0
  m_ReceiveShadows: 0
  m_DynamicOccludee: 1
  m_MotionVectors: 1
  m_LightProbeUsage: 1
  m_ReflectionProbeUsage: 1
  m_RayTracingMode: 0
  m_RenderingLayerMask: 1
  m_RendererPriority: 0
  m_Materials:
  - {fileID: 10754, guid: 0000000000000000f000000000000000, type: 0}
  m_StaticBatchInfo:
    firstSubMesh: 0
    subMeshCount: 0
  m_StaticBatchRoot: {fileID: 0}
  m_ProbeAnchor: {fileID: 0}
  m_LightProbeVolumeOverride: {fileID: 0}
  m_ScaleInLightmap: 1
  m_ReceiveGI: 1
  m_PreserveUVs: 0
  m_IgnoreNormalsForChartDetection: 0
  m_ImportantGI: 0
  m_StitchLightmapSeams: 1
  m_SelectedEditorRenderState: 0
  m_MinimumChartSize: 4
  m_AutoUVMaxDistance: 0.5
  m_AutoUVMaxAngle: 89
  m_LightmapParameters: {fileID: 0}
  m_SortingLayerID: 0
  m_SortingLayer: 0
  m_SortingOrder: 0
  m_Sprite: {fileID: 21300000, guid: b58647cf6c2cd417abdbca74833e870f, type: 3}
  m_Color: {r: 1, g: 1, b: 1, a: 1}
  m_FlipX: 0
  m_FlipY: 0
  m_DrawMode: 0
  m_Size: {x: 1.2, y: 4.05}
  m_AdaptiveModeThreshold: 0.5
  m_SpriteTileMode: 0
  m_WasSpriteAssigned: 1
  m_MaskInteraction: 0
  m_SpriteSortPoint: 0
--- !u!1 &6292013294260250311
GameObject:
  m_ObjectHideFlags: 0
  m_CorrespondingSourceObject: {fileID: 0}
  m_PrefabInstance: {fileID: 0}
  m_PrefabAsset: {fileID: 0}
  serializedVersion: 6
  m_Component:
  - component: {fileID: 8986979307175553524}
  - component: {fileID: 5562258328112105413}
  m_Layer: 0
  m_Name: Trail
  m_TagString: Untagged
  m_Icon: {fileID: 0}
  m_NavMeshLayer: 0
  m_StaticEditorFlags: 0
  m_IsActive: 1
--- !u!4 &8986979307175553524
Transform:
  m_ObjectHideFlags: 0
  m_CorrespondingSourceObject: {fileID: 0}
  m_PrefabInstance: {fileID: 0}
  m_PrefabAsset: {fileID: 0}
  m_GameObject: {fileID: 6292013294260250311}
  m_LocalRotation: {x: 0, y: 0, z: 0, w: 1}
  m_LocalPosition: {x: 0, y: 0, z: 0}
  m_LocalScale: {x: 1, y: 1, z: 1}
  m_Children: []
  m_Father: {fileID: 728259453278569003}
  m_RootOrder: 4
  m_LocalEulerAnglesHint: {x: 0, y: 0, z: 0}
--- !u!96 &5562258328112105413
TrailRenderer:
  serializedVersion: 2
  m_ObjectHideFlags: 0
  m_CorrespondingSourceObject: {fileID: 0}
  m_PrefabInstance: {fileID: 0}
  m_PrefabAsset: {fileID: 0}
  m_GameObject: {fileID: 6292013294260250311}
  m_Enabled: 1
  m_CastShadows: 1
  m_ReceiveShadows: 1
  m_DynamicOccludee: 1
  m_MotionVectors: 0
  m_LightProbeUsage: 0
  m_ReflectionProbeUsage: 0
  m_RayTracingMode: 0
  m_RenderingLayerMask: 1
  m_RendererPriority: 0
  m_Materials:
  - {fileID: 2100000, guid: d378c9dee96714605a1549a46b7ad602, type: 2}
  m_StaticBatchInfo:
    firstSubMesh: 0
    subMeshCount: 0
  m_StaticBatchRoot: {fileID: 0}
  m_ProbeAnchor: {fileID: 0}
  m_LightProbeVolumeOverride: {fileID: 0}
  m_ScaleInLightmap: 1
  m_ReceiveGI: 1
  m_PreserveUVs: 0
  m_IgnoreNormalsForChartDetection: 0
  m_ImportantGI: 0
  m_StitchLightmapSeams: 1
  m_SelectedEditorRenderState: 3
  m_MinimumChartSize: 4
  m_AutoUVMaxDistance: 0.5
  m_AutoUVMaxAngle: 89
  m_LightmapParameters: {fileID: 0}
  m_SortingLayerID: 0
  m_SortingLayer: 0
  m_SortingOrder: 0
  m_Time: 1
  m_Parameters:
    serializedVersion: 3
    widthMultiplier: 1
    widthCurve:
      serializedVersion: 2
      m_Curve:
      - serializedVersion: 3
        time: 0
        value: 1
        inSlope: 0
        outSlope: 0
        tangentMode: 0
        weightedMode: 0
        inWeight: 0.33333334
        outWeight: 0.33333334
      - serializedVersion: 3
        time: 0.96666664
        value: 0
        inSlope: 0
        outSlope: 0
        tangentMode: 0
        weightedMode: 0
        inWeight: 0
        outWeight: 0
      m_PreInfinity: 2
      m_PostInfinity: 2
      m_RotationOrder: 4
    colorGradient:
      serializedVersion: 2
      key0: {r: 1, g: 0, b: 0, a: 1}
      key1: {r: 1, g: 1, b: 1, a: 1}
      key2: {r: 0, g: 0, b: 0, a: 0}
      key3: {r: 0, g: 0, b: 0, a: 0}
      key4: {r: 0, g: 0, b: 0, a: 0}
      key5: {r: 0, g: 0, b: 0, a: 0}
      key6: {r: 0, g: 0, b: 0, a: 0}
      key7: {r: 0, g: 0, b: 0, a: 0}
      ctime0: 0
      ctime1: 65535
      ctime2: 0
      ctime3: 0
      ctime4: 0
      ctime5: 0
      ctime6: 0
      ctime7: 0
      atime0: 0
      atime1: 65535
      atime2: 0
      atime3: 0
      atime4: 0
      atime5: 0
      atime6: 0
      atime7: 0
      m_Mode: 0
      m_NumColorKeys: 2
      m_NumAlphaKeys: 2
    numCornerVertices: 0
    numCapVertices: 0
    alignment: 0
    textureMode: 0
    shadowBias: 0.5
    generateLightingData: 0
  m_MinVertexDistance: 0.1
  m_Autodestruct: 0
  m_Emitting: 1
--- !u!95 &728259452343958938
Animator:
  serializedVersion: 3
  m_ObjectHideFlags: 0
  m_CorrespondingSourceObject: {fileID: 0}
  m_PrefabInstance: {fileID: 0}
  m_PrefabAsset: {fileID: 0}
  m_GameObject: {fileID: 7743024961251495264}
  m_Enabled: 1
  m_Avatar: {fileID: 0}
  m_Controller: {fileID: 9100000, guid: f7a12e8fdfab546caa87795725abb11c, type: 2}
  m_CullingMode: 0
  m_UpdateMode: 0
  m_ApplyRootMotion: 0
  m_LinearVelocityBlending: 0
  m_WarningMessage: 
  m_HasTransformHierarchy: 1
  m_AllowConstantClipSamplingOptimization: 1
  m_KeepAnimatorControllerStateOnDisable: 0
--- !u!1001 &728259452378098660
PrefabInstance:
  m_ObjectHideFlags: 0
  serializedVersion: 2
  m_Modification:
    m_TransformParent: {fileID: 728259453278569003}
    m_Modifications:
    - target: {fileID: -8507166234304362179, guid: 36e11fc1e06194a98a1db9bdf8226177,
        type: 3}
      propertyPath: m_LocalPosition.x
      value: 0.29982287
      objectReference: {fileID: 0}
    - target: {fileID: -8507166234304362179, guid: 36e11fc1e06194a98a1db9bdf8226177,
        type: 3}
      propertyPath: m_LocalPosition.y
      value: -0.00000009642928
      objectReference: {fileID: 0}
    - target: {fileID: -8507166234304362179, guid: 36e11fc1e06194a98a1db9bdf8226177,
        type: 3}
      propertyPath: m_LocalRotation.w
      value: 0.9989728
      objectReference: {fileID: 0}
    - target: {fileID: -8507166234304362179, guid: 36e11fc1e06194a98a1db9bdf8226177,
        type: 3}
      propertyPath: m_LocalRotation.x
      value: 0
      objectReference: {fileID: 0}
    - target: {fileID: -8507166234304362179, guid: 36e11fc1e06194a98a1db9bdf8226177,
        type: 3}
      propertyPath: m_LocalRotation.y
      value: 0
      objectReference: {fileID: 0}
    - target: {fileID: -8507166234304362179, guid: 36e11fc1e06194a98a1db9bdf8226177,
        type: 3}
      propertyPath: m_LocalRotation.z
      value: -0.04531423
      objectReference: {fileID: 0}
    - target: {fileID: -8507166234304362179, guid: 36e11fc1e06194a98a1db9bdf8226177,
        type: 3}
      propertyPath: m_LocalEulerAnglesHint.z
      value: 0
      objectReference: {fileID: 0}
    - target: {fileID: -7798578161641283754, guid: 36e11fc1e06194a98a1db9bdf8226177,
        type: 3}
      propertyPath: m_LocalPosition.x
      value: 0.2940673
      objectReference: {fileID: 0}
    - target: {fileID: -7798578161641283754, guid: 36e11fc1e06194a98a1db9bdf8226177,
        type: 3}
      propertyPath: m_LocalPosition.y
      value: 0.000000017613427
      objectReference: {fileID: 0}
    - target: {fileID: -7798578161641283754, guid: 36e11fc1e06194a98a1db9bdf8226177,
        type: 3}
      propertyPath: m_LocalRotation.w
      value: 0.9968792
      objectReference: {fileID: 0}
    - target: {fileID: -7798578161641283754, guid: 36e11fc1e06194a98a1db9bdf8226177,
        type: 3}
      propertyPath: m_LocalRotation.x
      value: 0
      objectReference: {fileID: 0}
    - target: {fileID: -7798578161641283754, guid: 36e11fc1e06194a98a1db9bdf8226177,
        type: 3}
      propertyPath: m_LocalRotation.y
      value: 0
      objectReference: {fileID: 0}
    - target: {fileID: -7798578161641283754, guid: 36e11fc1e06194a98a1db9bdf8226177,
        type: 3}
      propertyPath: m_LocalRotation.z
      value: -0.0789426
      objectReference: {fileID: 0}
    - target: {fileID: -7798578161641283754, guid: 36e11fc1e06194a98a1db9bdf8226177,
        type: 3}
      propertyPath: m_LocalEulerAnglesHint.z
      value: 0
      objectReference: {fileID: 0}
    - target: {fileID: -7136941968813289563, guid: 36e11fc1e06194a98a1db9bdf8226177,
        type: 3}
      propertyPath: m_LocalScale.x
      value: 1
      objectReference: {fileID: 0}
    - target: {fileID: -7136941968813289563, guid: 36e11fc1e06194a98a1db9bdf8226177,
        type: 3}
      propertyPath: m_LocalPosition.x
      value: 0.2782331
      objectReference: {fileID: 0}
    - target: {fileID: -7136941968813289563, guid: 36e11fc1e06194a98a1db9bdf8226177,
        type: 3}
      propertyPath: m_LocalRotation.w
      value: 0.6841158
      objectReference: {fileID: 0}
    - target: {fileID: -7136941968813289563, guid: 36e11fc1e06194a98a1db9bdf8226177,
        type: 3}
      propertyPath: m_LocalRotation.z
      value: -0.7293735
      objectReference: {fileID: 0}
    - target: {fileID: -6665132464318561350, guid: 36e11fc1e06194a98a1db9bdf8226177,
        type: 3}
      propertyPath: m_LocalPosition.x
      value: -0.156082
      objectReference: {fileID: 0}
    - target: {fileID: -6665132464318561350, guid: 36e11fc1e06194a98a1db9bdf8226177,
        type: 3}
      propertyPath: m_LocalPosition.y
      value: 0.8412592
      objectReference: {fileID: 0}
    - target: {fileID: -6665132464318561350, guid: 36e11fc1e06194a98a1db9bdf8226177,
        type: 3}
      propertyPath: m_LocalRotation.w
      value: 0.9579377
      objectReference: {fileID: 0}
    - target: {fileID: -6665132464318561350, guid: 36e11fc1e06194a98a1db9bdf8226177,
        type: 3}
      propertyPath: m_LocalRotation.x
      value: 0
      objectReference: {fileID: 0}
    - target: {fileID: -6665132464318561350, guid: 36e11fc1e06194a98a1db9bdf8226177,
        type: 3}
      propertyPath: m_LocalRotation.y
      value: 0
      objectReference: {fileID: 0}
    - target: {fileID: -6665132464318561350, guid: 36e11fc1e06194a98a1db9bdf8226177,
        type: 3}
      propertyPath: m_LocalRotation.z
      value: -0.2869762
      objectReference: {fileID: 0}
    - target: {fileID: -6665132464318561350, guid: 36e11fc1e06194a98a1db9bdf8226177,
        type: 3}
      propertyPath: m_LocalEulerAnglesHint.z
      value: 0
      objectReference: {fileID: 0}
    - target: {fileID: -6490347441985910962, guid: 36e11fc1e06194a98a1db9bdf8226177,
        type: 3}
      propertyPath: m_Bounds.m_Center.x
      value: -0.012152314
      objectReference: {fileID: 0}
    - target: {fileID: -6490347441985910962, guid: 36e11fc1e06194a98a1db9bdf8226177,
        type: 3}
      propertyPath: m_Bounds.m_Center.y
      value: -0.067160904
      objectReference: {fileID: 0}
    - target: {fileID: -6490347441985910962, guid: 36e11fc1e06194a98a1db9bdf8226177,
        type: 3}
      propertyPath: m_Bounds.m_Extent.x
      value: 0.44186205
      objectReference: {fileID: 0}
    - target: {fileID: -6490347441985910962, guid: 36e11fc1e06194a98a1db9bdf8226177,
        type: 3}
      propertyPath: m_Bounds.m_Extent.y
      value: 0.5041691
      objectReference: {fileID: 0}
    - target: {fileID: -5697269034922688043, guid: 36e11fc1e06194a98a1db9bdf8226177,
        type: 3}
      propertyPath: m_Bounds.m_Center.x
      value: 0.1228672
      objectReference: {fileID: 0}
    - target: {fileID: -5697269034922688043, guid: 36e11fc1e06194a98a1db9bdf8226177,
        type: 3}
      propertyPath: m_Bounds.m_Center.y
      value: -1.7876853
      objectReference: {fileID: 0}
    - target: {fileID: -5697269034922688043, guid: 36e11fc1e06194a98a1db9bdf8226177,
        type: 3}
      propertyPath: m_Bounds.m_Extent.x
      value: 0.412997
      objectReference: {fileID: 0}
    - target: {fileID: -5697269034922688043, guid: 36e11fc1e06194a98a1db9bdf8226177,
        type: 3}
      propertyPath: m_Bounds.m_Extent.y
      value: 0.468063
      objectReference: {fileID: 0}
    - target: {fileID: -5444933897897675980, guid: 36e11fc1e06194a98a1db9bdf8226177,
        type: 3}
      propertyPath: m_LocalPosition.x
      value: 0.06559968
      objectReference: {fileID: 0}
    - target: {fileID: -5444933897897675980, guid: 36e11fc1e06194a98a1db9bdf8226177,
        type: 3}
      propertyPath: m_LocalPosition.y
      value: 1.83204
      objectReference: {fileID: 0}
    - target: {fileID: -5444933897897675980, guid: 36e11fc1e06194a98a1db9bdf8226177,
        type: 3}
      propertyPath: m_LocalRotation.w
      value: 0.3826796
      objectReference: {fileID: 0}
    - target: {fileID: -5444933897897675980, guid: 36e11fc1e06194a98a1db9bdf8226177,
        type: 3}
      propertyPath: m_LocalRotation.x
      value: 0
      objectReference: {fileID: 0}
    - target: {fileID: -5444933897897675980, guid: 36e11fc1e06194a98a1db9bdf8226177,
        type: 3}
      propertyPath: m_LocalRotation.y
      value: 0
      objectReference: {fileID: 0}
    - target: {fileID: -5444933897897675980, guid: 36e11fc1e06194a98a1db9bdf8226177,
        type: 3}
      propertyPath: m_LocalRotation.z
      value: -0.9238811
      objectReference: {fileID: 0}
    - target: {fileID: -5444933897897675980, guid: 36e11fc1e06194a98a1db9bdf8226177,
        type: 3}
      propertyPath: m_LocalEulerAnglesHint.z
      value: 0
      objectReference: {fileID: 0}
    - target: {fileID: -5336824077650429746, guid: 36e11fc1e06194a98a1db9bdf8226177,
        type: 3}
      propertyPath: m_Bounds.m_Center.x
      value: -0.002575159
      objectReference: {fileID: 0}
    - target: {fileID: -5336824077650429746, guid: 36e11fc1e06194a98a1db9bdf8226177,
        type: 3}
      propertyPath: m_Bounds.m_Center.y
      value: -0.09628725
      objectReference: {fileID: 0}
    - target: {fileID: -5336824077650429746, guid: 36e11fc1e06194a98a1db9bdf8226177,
        type: 3}
      propertyPath: m_Bounds.m_Extent.x
      value: 0.7609788
      objectReference: {fileID: 0}
    - target: {fileID: -5336824077650429746, guid: 36e11fc1e06194a98a1db9bdf8226177,
        type: 3}
      propertyPath: m_Bounds.m_Extent.y
      value: 0.6363239
      objectReference: {fileID: 0}
    - target: {fileID: -5217286202222771393, guid: 36e11fc1e06194a98a1db9bdf8226177,
        type: 3}
      propertyPath: m_LocalPosition.x
      value: 0.14377876
      objectReference: {fileID: 0}
    - target: {fileID: -5217286202222771393, guid: 36e11fc1e06194a98a1db9bdf8226177,
        type: 3}
      propertyPath: m_LocalPosition.y
      value: 0.000000044469246
      objectReference: {fileID: 0}
    - target: {fileID: -5217286202222771393, guid: 36e11fc1e06194a98a1db9bdf8226177,
        type: 3}
      propertyPath: m_LocalRotation.w
      value: 0.97691804
      objectReference: {fileID: 0}
    - target: {fileID: -5217286202222771393, guid: 36e11fc1e06194a98a1db9bdf8226177,
        type: 3}
      propertyPath: m_LocalRotation.x
      value: 0
      objectReference: {fileID: 0}
    - target: {fileID: -5217286202222771393, guid: 36e11fc1e06194a98a1db9bdf8226177,
        type: 3}
      propertyPath: m_LocalRotation.y
      value: 0
      objectReference: {fileID: 0}
    - target: {fileID: -5217286202222771393, guid: 36e11fc1e06194a98a1db9bdf8226177,
        type: 3}
      propertyPath: m_LocalRotation.z
      value: 0.21361467
      objectReference: {fileID: 0}
    - target: {fileID: -5217286202222771393, guid: 36e11fc1e06194a98a1db9bdf8226177,
        type: 3}
      propertyPath: m_LocalEulerAnglesHint.z
      value: 0
      objectReference: {fileID: 0}
    - target: {fileID: -4375020263966650499, guid: 36e11fc1e06194a98a1db9bdf8226177,
        type: 3}
      propertyPath: m_LocalPosition.x
      value: 0.30311584
      objectReference: {fileID: 0}
    - target: {fileID: -4375020263966650499, guid: 36e11fc1e06194a98a1db9bdf8226177,
        type: 3}
      propertyPath: m_LocalPosition.y
      value: -0.000000199111
      objectReference: {fileID: 0}
    - target: {fileID: -4375020263966650499, guid: 36e11fc1e06194a98a1db9bdf8226177,
        type: 3}
      propertyPath: m_LocalRotation.w
      value: 0.9993645
      objectReference: {fileID: 0}
    - target: {fileID: -4375020263966650499, guid: 36e11fc1e06194a98a1db9bdf8226177,
        type: 3}
      propertyPath: m_LocalRotation.x
      value: 0
      objectReference: {fileID: 0}
    - target: {fileID: -4375020263966650499, guid: 36e11fc1e06194a98a1db9bdf8226177,
        type: 3}
      propertyPath: m_LocalRotation.y
      value: 0
      objectReference: {fileID: 0}
    - target: {fileID: -4375020263966650499, guid: 36e11fc1e06194a98a1db9bdf8226177,
        type: 3}
      propertyPath: m_LocalRotation.z
      value: -0.0356462
      objectReference: {fileID: 0}
    - target: {fileID: -4375020263966650499, guid: 36e11fc1e06194a98a1db9bdf8226177,
        type: 3}
      propertyPath: m_LocalEulerAnglesHint.z
      value: 0
      objectReference: {fileID: 0}
    - target: {fileID: -4111330710734483258, guid: 36e11fc1e06194a98a1db9bdf8226177,
        type: 3}
      propertyPath: m_LocalPosition.x
      value: 0.16443162
      objectReference: {fileID: 0}
    - target: {fileID: -4111330710734483258, guid: 36e11fc1e06194a98a1db9bdf8226177,
        type: 3}
      propertyPath: m_LocalPosition.y
      value: -0.000000049869392
      objectReference: {fileID: 0}
    - target: {fileID: -4111330710734483258, guid: 36e11fc1e06194a98a1db9bdf8226177,
        type: 3}
      propertyPath: m_LocalRotation.w
      value: 0.98997635
      objectReference: {fileID: 0}
    - target: {fileID: -4111330710734483258, guid: 36e11fc1e06194a98a1db9bdf8226177,
        type: 3}
      propertyPath: m_LocalRotation.x
      value: 0
      objectReference: {fileID: 0}
    - target: {fileID: -4111330710734483258, guid: 36e11fc1e06194a98a1db9bdf8226177,
        type: 3}
      propertyPath: m_LocalRotation.y
      value: 0
      objectReference: {fileID: 0}
    - target: {fileID: -4111330710734483258, guid: 36e11fc1e06194a98a1db9bdf8226177,
        type: 3}
      propertyPath: m_LocalRotation.z
      value: 0.14123318
      objectReference: {fileID: 0}
    - target: {fileID: -4111330710734483258, guid: 36e11fc1e06194a98a1db9bdf8226177,
        type: 3}
      propertyPath: m_LocalEulerAnglesHint.z
      value: 0
      objectReference: {fileID: 0}
    - target: {fileID: -4008582165072332626, guid: 36e11fc1e06194a98a1db9bdf8226177,
        type: 3}
      propertyPath: m_Bounds.m_Center.x
      value: 0.0029876232
      objectReference: {fileID: 0}
    - target: {fileID: -4008582165072332626, guid: 36e11fc1e06194a98a1db9bdf8226177,
        type: 3}
      propertyPath: m_Bounds.m_Center.y
      value: -0.029152393
      objectReference: {fileID: 0}
    - target: {fileID: -4008582165072332626, guid: 36e11fc1e06194a98a1db9bdf8226177,
        type: 3}
      propertyPath: m_Bounds.m_Extent.x
      value: 0.723678
      objectReference: {fileID: 0}
    - target: {fileID: -4008582165072332626, guid: 36e11fc1e06194a98a1db9bdf8226177,
        type: 3}
      propertyPath: m_Bounds.m_Extent.y
      value: 0.583786
      objectReference: {fileID: 0}
    - target: {fileID: -1920824280138388302, guid: 36e11fc1e06194a98a1db9bdf8226177,
        type: 3}
      propertyPath: m_LocalPosition.x
      value: 0.594921
      objectReference: {fileID: 0}
    - target: {fileID: -1920824280138388302, guid: 36e11fc1e06194a98a1db9bdf8226177,
        type: 3}
      propertyPath: m_LocalPosition.y
      value: 2.768532
      objectReference: {fileID: 0}
    - target: {fileID: -1920824280138388302, guid: 36e11fc1e06194a98a1db9bdf8226177,
        type: 3}
      propertyPath: m_LocalRotation.w
      value: 0.7071068
      objectReference: {fileID: 0}
    - target: {fileID: -1920824280138388302, guid: 36e11fc1e06194a98a1db9bdf8226177,
        type: 3}
      propertyPath: m_LocalRotation.x
      value: 0
      objectReference: {fileID: 0}
    - target: {fileID: -1920824280138388302, guid: 36e11fc1e06194a98a1db9bdf8226177,
        type: 3}
      propertyPath: m_LocalRotation.y
      value: 0
      objectReference: {fileID: 0}
    - target: {fileID: -1920824280138388302, guid: 36e11fc1e06194a98a1db9bdf8226177,
        type: 3}
      propertyPath: m_LocalRotation.z
      value: -0.7071068
      objectReference: {fileID: 0}
    - target: {fileID: -1920824280138388302, guid: 36e11fc1e06194a98a1db9bdf8226177,
        type: 3}
      propertyPath: m_LocalEulerAnglesHint.z
      value: 0
      objectReference: {fileID: 0}
    - target: {fileID: -449886276867539262, guid: 36e11fc1e06194a98a1db9bdf8226177,
        type: 3}
      propertyPath: m_LocalPosition.x
      value: -0.1108409
      objectReference: {fileID: 0}
    - target: {fileID: -449886276867539262, guid: 36e11fc1e06194a98a1db9bdf8226177,
        type: 3}
      propertyPath: m_LocalPosition.y
      value: 2.488037
      objectReference: {fileID: 0}
    - target: {fileID: -449886276867539262, guid: 36e11fc1e06194a98a1db9bdf8226177,
        type: 3}
      propertyPath: m_LocalRotation.w
      value: 0.7541777
      objectReference: {fileID: 0}
    - target: {fileID: -449886276867539262, guid: 36e11fc1e06194a98a1db9bdf8226177,
        type: 3}
      propertyPath: m_LocalRotation.x
      value: 0
      objectReference: {fileID: 0}
    - target: {fileID: -449886276867539262, guid: 36e11fc1e06194a98a1db9bdf8226177,
        type: 3}
      propertyPath: m_LocalRotation.y
      value: 0
      objectReference: {fileID: 0}
    - target: {fileID: -449886276867539262, guid: 36e11fc1e06194a98a1db9bdf8226177,
        type: 3}
      propertyPath: m_LocalRotation.z
      value: -0.6566703
      objectReference: {fileID: 0}
    - target: {fileID: -449886276867539262, guid: 36e11fc1e06194a98a1db9bdf8226177,
        type: 3}
      propertyPath: m_LocalEulerAnglesHint.z
      value: 0
      objectReference: {fileID: 0}
    - target: {fileID: -92986646950332762, guid: 36e11fc1e06194a98a1db9bdf8226177,
        type: 3}
      propertyPath: m_Bounds.m_Center.x
      value: -0.035066575
      objectReference: {fileID: 0}
    - target: {fileID: -92986646950332762, guid: 36e11fc1e06194a98a1db9bdf8226177,
        type: 3}
      propertyPath: m_Bounds.m_Center.y
      value: -0.056328982
      objectReference: {fileID: 0}
    - target: {fileID: -92986646950332762, guid: 36e11fc1e06194a98a1db9bdf8226177,
        type: 3}
      propertyPath: m_Bounds.m_Extent.x
      value: 0.21175238
      objectReference: {fileID: 0}
    - target: {fileID: -92986646950332762, guid: 36e11fc1e06194a98a1db9bdf8226177,
        type: 3}
      propertyPath: m_Bounds.m_Extent.y
      value: 0.25136808
      objectReference: {fileID: 0}
    - target: {fileID: 190215724457071225, guid: 36e11fc1e06194a98a1db9bdf8226177,
        type: 3}
      propertyPath: m_LocalScale.x
      value: 1
      objectReference: {fileID: 0}
    - target: {fileID: 190215724457071225, guid: 36e11fc1e06194a98a1db9bdf8226177,
        type: 3}
      propertyPath: m_LocalPosition.x
      value: 0.6175417
      objectReference: {fileID: 0}
    - target: {fileID: 190215724457071225, guid: 36e11fc1e06194a98a1db9bdf8226177,
        type: 3}
      propertyPath: m_LocalPosition.y
      value: 1.370581
      objectReference: {fileID: 0}
    - target: {fileID: 226854052807907478, guid: 36e11fc1e06194a98a1db9bdf8226177,
        type: 3}
      propertyPath: m_LocalPosition.x
      value: -0.2239437
      objectReference: {fileID: 0}
    - target: {fileID: 226854052807907478, guid: 36e11fc1e06194a98a1db9bdf8226177,
        type: 3}
      propertyPath: m_LocalPosition.y
      value: 1.09461
      objectReference: {fileID: 0}
    - target: {fileID: 226854052807907478, guid: 36e11fc1e06194a98a1db9bdf8226177,
        type: 3}
      propertyPath: m_LocalRotation.w
      value: 0.7071068
      objectReference: {fileID: 0}
    - target: {fileID: 226854052807907478, guid: 36e11fc1e06194a98a1db9bdf8226177,
        type: 3}
      propertyPath: m_LocalRotation.x
      value: 0
      objectReference: {fileID: 0}
    - target: {fileID: 226854052807907478, guid: 36e11fc1e06194a98a1db9bdf8226177,
        type: 3}
      propertyPath: m_LocalRotation.y
      value: 0
      objectReference: {fileID: 0}
    - target: {fileID: 226854052807907478, guid: 36e11fc1e06194a98a1db9bdf8226177,
        type: 3}
      propertyPath: m_LocalRotation.z
      value: -0.7071068
      objectReference: {fileID: 0}
    - target: {fileID: 226854052807907478, guid: 36e11fc1e06194a98a1db9bdf8226177,
        type: 3}
      propertyPath: m_LocalEulerAnglesHint.z
      value: 0
      objectReference: {fileID: 0}
    - target: {fileID: 545880008006533909, guid: 36e11fc1e06194a98a1db9bdf8226177,
        type: 3}
      propertyPath: m_LocalPosition.x
      value: 0.22625092
      objectReference: {fileID: 0}
    - target: {fileID: 545880008006533909, guid: 36e11fc1e06194a98a1db9bdf8226177,
        type: 3}
      propertyPath: m_LocalPosition.y
      value: 0.00000003187859
      objectReference: {fileID: 0}
    - target: {fileID: 545880008006533909, guid: 36e11fc1e06194a98a1db9bdf8226177,
        type: 3}
      propertyPath: m_LocalRotation.w
      value: 0.9879286
      objectReference: {fileID: 0}
    - target: {fileID: 545880008006533909, guid: 36e11fc1e06194a98a1db9bdf8226177,
        type: 3}
      propertyPath: m_LocalRotation.x
      value: 0
      objectReference: {fileID: 0}
    - target: {fileID: 545880008006533909, guid: 36e11fc1e06194a98a1db9bdf8226177,
        type: 3}
      propertyPath: m_LocalRotation.y
      value: 0
      objectReference: {fileID: 0}
    - target: {fileID: 545880008006533909, guid: 36e11fc1e06194a98a1db9bdf8226177,
        type: 3}
      propertyPath: m_LocalRotation.z
      value: 0.1549099
      objectReference: {fileID: 0}
    - target: {fileID: 545880008006533909, guid: 36e11fc1e06194a98a1db9bdf8226177,
        type: 3}
      propertyPath: m_LocalEulerAnglesHint.z
      value: 0
      objectReference: {fileID: 0}
    - target: {fileID: 1325215043216853358, guid: 36e11fc1e06194a98a1db9bdf8226177,
        type: 3}
      propertyPath: m_LocalPosition.x
      value: 0.27656394
      objectReference: {fileID: 0}
    - target: {fileID: 1325215043216853358, guid: 36e11fc1e06194a98a1db9bdf8226177,
        type: 3}
      propertyPath: m_LocalPosition.y
      value: 0.00000005691778
      objectReference: {fileID: 0}
    - target: {fileID: 1325215043216853358, guid: 36e11fc1e06194a98a1db9bdf8226177,
        type: 3}
      propertyPath: m_LocalRotation.w
      value: 0.9729626
      objectReference: {fileID: 0}
    - target: {fileID: 1325215043216853358, guid: 36e11fc1e06194a98a1db9bdf8226177,
        type: 3}
      propertyPath: m_LocalRotation.x
      value: 0
      objectReference: {fileID: 0}
    - target: {fileID: 1325215043216853358, guid: 36e11fc1e06194a98a1db9bdf8226177,
        type: 3}
      propertyPath: m_LocalRotation.y
      value: 0
      objectReference: {fileID: 0}
    - target: {fileID: 1325215043216853358, guid: 36e11fc1e06194a98a1db9bdf8226177,
        type: 3}
      propertyPath: m_LocalRotation.z
      value: 0.230963
      objectReference: {fileID: 0}
    - target: {fileID: 1325215043216853358, guid: 36e11fc1e06194a98a1db9bdf8226177,
        type: 3}
      propertyPath: m_LocalEulerAnglesHint.z
      value: 0
      objectReference: {fileID: 0}
    - target: {fileID: 2491896511042155597, guid: 36e11fc1e06194a98a1db9bdf8226177,
        type: 3}
      propertyPath: m_LocalPosition.x
      value: 0.28730792
      objectReference: {fileID: 0}
    - target: {fileID: 2491896511042155597, guid: 36e11fc1e06194a98a1db9bdf8226177,
        type: 3}
      propertyPath: m_LocalPosition.y
      value: 0.0000002659389
      objectReference: {fileID: 0}
    - target: {fileID: 2491896511042155597, guid: 36e11fc1e06194a98a1db9bdf8226177,
        type: 3}
      propertyPath: m_LocalRotation.w
      value: 0.9996964
      objectReference: {fileID: 0}
    - target: {fileID: 2491896511042155597, guid: 36e11fc1e06194a98a1db9bdf8226177,
        type: 3}
      propertyPath: m_LocalRotation.x
      value: 0
      objectReference: {fileID: 0}
    - target: {fileID: 2491896511042155597, guid: 36e11fc1e06194a98a1db9bdf8226177,
        type: 3}
      propertyPath: m_LocalRotation.y
      value: 0
      objectReference: {fileID: 0}
    - target: {fileID: 2491896511042155597, guid: 36e11fc1e06194a98a1db9bdf8226177,
        type: 3}
      propertyPath: m_LocalRotation.z
      value: -0.02463991
      objectReference: {fileID: 0}
    - target: {fileID: 2491896511042155597, guid: 36e11fc1e06194a98a1db9bdf8226177,
        type: 3}
      propertyPath: m_LocalEulerAnglesHint.z
      value: 0
      objectReference: {fileID: 0}
    - target: {fileID: 3936289402621397462, guid: 36e11fc1e06194a98a1db9bdf8226177,
        type: 3}
      propertyPath: m_Bounds.m_Center.x
      value: 0.019049019
      objectReference: {fileID: 0}
    - target: {fileID: 3936289402621397462, guid: 36e11fc1e06194a98a1db9bdf8226177,
        type: 3}
      propertyPath: m_Bounds.m_Center.y
      value: 0.09302017
      objectReference: {fileID: 0}
    - target: {fileID: 3936289402621397462, guid: 36e11fc1e06194a98a1db9bdf8226177,
        type: 3}
      propertyPath: m_Bounds.m_Extent.x
      value: 0.276967
      objectReference: {fileID: 0}
    - target: {fileID: 3936289402621397462, guid: 36e11fc1e06194a98a1db9bdf8226177,
        type: 3}
      propertyPath: m_Bounds.m_Extent.y
      value: 0.27132946
      objectReference: {fileID: 0}
    - target: {fileID: 4946686369669195323, guid: 36e11fc1e06194a98a1db9bdf8226177,
        type: 3}
      propertyPath: m_Bounds.m_Center.x
      value: 0.00071540475
      objectReference: {fileID: 0}
    - target: {fileID: 4946686369669195323, guid: 36e11fc1e06194a98a1db9bdf8226177,
        type: 3}
      propertyPath: m_Bounds.m_Center.y
      value: 0.034911364
      objectReference: {fileID: 0}
    - target: {fileID: 4946686369669195323, guid: 36e11fc1e06194a98a1db9bdf8226177,
        type: 3}
      propertyPath: m_Bounds.m_Extent.x
      value: 0.14544266
      objectReference: {fileID: 0}
    - target: {fileID: 4946686369669195323, guid: 36e11fc1e06194a98a1db9bdf8226177,
        type: 3}
      propertyPath: m_Bounds.m_Extent.y
      value: 0.43102008
      objectReference: {fileID: 0}
    - target: {fileID: 6606160056334085877, guid: 36e11fc1e06194a98a1db9bdf8226177,
        type: 3}
      propertyPath: m_RootOrder
      value: 3
      objectReference: {fileID: 0}
    - target: {fileID: 6606160056334085877, guid: 36e11fc1e06194a98a1db9bdf8226177,
        type: 3}
      propertyPath: m_LocalScale.x
      value: 0.38
      objectReference: {fileID: 0}
    - target: {fileID: 6606160056334085877, guid: 36e11fc1e06194a98a1db9bdf8226177,
        type: 3}
      propertyPath: m_LocalScale.y
      value: 0.38
      objectReference: {fileID: 0}
    - target: {fileID: 6606160056334085877, guid: 36e11fc1e06194a98a1db9bdf8226177,
        type: 3}
      propertyPath: m_LocalScale.z
      value: 0.38
      objectReference: {fileID: 0}
    - target: {fileID: 6606160056334085877, guid: 36e11fc1e06194a98a1db9bdf8226177,
        type: 3}
      propertyPath: m_LocalPosition.x
      value: -0.074
      objectReference: {fileID: 0}
    - target: {fileID: 6606160056334085877, guid: 36e11fc1e06194a98a1db9bdf8226177,
        type: 3}
      propertyPath: m_LocalPosition.y
      value: -0.539
      objectReference: {fileID: 0}
    - target: {fileID: 6606160056334085877, guid: 36e11fc1e06194a98a1db9bdf8226177,
        type: 3}
      propertyPath: m_LocalPosition.z
      value: 0
      objectReference: {fileID: 0}
    - target: {fileID: 6606160056334085877, guid: 36e11fc1e06194a98a1db9bdf8226177,
        type: 3}
      propertyPath: m_LocalRotation.w
      value: 1
      objectReference: {fileID: 0}
    - target: {fileID: 6606160056334085877, guid: 36e11fc1e06194a98a1db9bdf8226177,
        type: 3}
      propertyPath: m_LocalRotation.x
      value: 0
      objectReference: {fileID: 0}
    - target: {fileID: 6606160056334085877, guid: 36e11fc1e06194a98a1db9bdf8226177,
        type: 3}
      propertyPath: m_LocalRotation.y
      value: 0
      objectReference: {fileID: 0}
    - target: {fileID: 6606160056334085877, guid: 36e11fc1e06194a98a1db9bdf8226177,
        type: 3}
      propertyPath: m_LocalRotation.z
      value: 0
      objectReference: {fileID: 0}
    - target: {fileID: 6606160056334085877, guid: 36e11fc1e06194a98a1db9bdf8226177,
        type: 3}
      propertyPath: m_LocalEulerAnglesHint.x
      value: 0
      objectReference: {fileID: 0}
    - target: {fileID: 6606160056334085877, guid: 36e11fc1e06194a98a1db9bdf8226177,
        type: 3}
      propertyPath: m_LocalEulerAnglesHint.y
      value: 0
      objectReference: {fileID: 0}
    - target: {fileID: 6606160056334085877, guid: 36e11fc1e06194a98a1db9bdf8226177,
        type: 3}
      propertyPath: m_LocalEulerAnglesHint.z
      value: 0
      objectReference: {fileID: 0}
    - target: {fileID: 6720386520751262168, guid: 36e11fc1e06194a98a1db9bdf8226177,
        type: 3}
      propertyPath: m_LocalPosition.y
      value: 2.153252
      objectReference: {fileID: 0}
    - target: {fileID: 6720386520751262168, guid: 36e11fc1e06194a98a1db9bdf8226177,
        type: 3}
      propertyPath: m_LocalRotation.w
      value: 0.7893521
      objectReference: {fileID: 0}
    - target: {fileID: 6720386520751262168, guid: 36e11fc1e06194a98a1db9bdf8226177,
        type: 3}
      propertyPath: m_LocalRotation.x
      value: 0
      objectReference: {fileID: 0}
    - target: {fileID: 6720386520751262168, guid: 36e11fc1e06194a98a1db9bdf8226177,
        type: 3}
      propertyPath: m_LocalRotation.y
      value: 0
      objectReference: {fileID: 0}
    - target: {fileID: 6720386520751262168, guid: 36e11fc1e06194a98a1db9bdf8226177,
        type: 3}
      propertyPath: m_LocalRotation.z
      value: -0.6139408
      objectReference: {fileID: 0}
    - target: {fileID: 6720386520751262168, guid: 36e11fc1e06194a98a1db9bdf8226177,
        type: 3}
      propertyPath: m_LocalEulerAnglesHint.z
      value: 0
      objectReference: {fileID: 0}
    - target: {fileID: 6795921641895575511, guid: 36e11fc1e06194a98a1db9bdf8226177,
        type: 3}
      propertyPath: m_LocalPosition.x
      value: 0.31749466
      objectReference: {fileID: 0}
    - target: {fileID: 6795921641895575511, guid: 36e11fc1e06194a98a1db9bdf8226177,
        type: 3}
      propertyPath: m_LocalPosition.y
      value: 0.00000015076516
      objectReference: {fileID: 0}
    - target: {fileID: 6795921641895575511, guid: 36e11fc1e06194a98a1db9bdf8226177,
        type: 3}
      propertyPath: m_LocalRotation.w
      value: 0.9996219
      objectReference: {fileID: 0}
    - target: {fileID: 6795921641895575511, guid: 36e11fc1e06194a98a1db9bdf8226177,
        type: 3}
      propertyPath: m_LocalRotation.x
      value: 0
      objectReference: {fileID: 0}
    - target: {fileID: 6795921641895575511, guid: 36e11fc1e06194a98a1db9bdf8226177,
        type: 3}
      propertyPath: m_LocalRotation.y
      value: 0
      objectReference: {fileID: 0}
    - target: {fileID: 6795921641895575511, guid: 36e11fc1e06194a98a1db9bdf8226177,
        type: 3}
      propertyPath: m_LocalRotation.z
      value: -0.027497
      objectReference: {fileID: 0}
    - target: {fileID: 6795921641895575511, guid: 36e11fc1e06194a98a1db9bdf8226177,
        type: 3}
      propertyPath: m_LocalEulerAnglesHint.z
      value: 0
      objectReference: {fileID: 0}
    - target: {fileID: 7020984484114851460, guid: 36e11fc1e06194a98a1db9bdf8226177,
        type: 3}
      propertyPath: m_Name
      value: Red_Atk1
      objectReference: {fileID: 0}
    - target: {fileID: 7020984484114851460, guid: 36e11fc1e06194a98a1db9bdf8226177,
        type: 3}
      propertyPath: m_IsActive
      value: 0
      objectReference: {fileID: 0}
    - target: {fileID: 7080923173912819371, guid: 36e11fc1e06194a98a1db9bdf8226177,
        type: 3}
      propertyPath: m_Bounds.m_Center.x
      value: -0.062394187
      objectReference: {fileID: 0}
    - target: {fileID: 7080923173912819371, guid: 36e11fc1e06194a98a1db9bdf8226177,
        type: 3}
      propertyPath: m_Bounds.m_Center.y
      value: -0.6905583
      objectReference: {fileID: 0}
    - target: {fileID: 7080923173912819371, guid: 36e11fc1e06194a98a1db9bdf8226177,
        type: 3}
      propertyPath: m_Bounds.m_Extent.x
      value: 0.15827698
      objectReference: {fileID: 0}
    - target: {fileID: 7080923173912819371, guid: 36e11fc1e06194a98a1db9bdf8226177,
        type: 3}
      propertyPath: m_Bounds.m_Extent.y
      value: 0.096545726
      objectReference: {fileID: 0}
    - target: {fileID: 7107068984619995627, guid: 36e11fc1e06194a98a1db9bdf8226177,
        type: 3}
      propertyPath: m_Bounds.m_Center.x
      value: 0.16351992
      objectReference: {fileID: 0}
    - target: {fileID: 7107068984619995627, guid: 36e11fc1e06194a98a1db9bdf8226177,
        type: 3}
      propertyPath: m_Bounds.m_Center.y
      value: -0.018631816
      objectReference: {fileID: 0}
    - target: {fileID: 7107068984619995627, guid: 36e11fc1e06194a98a1db9bdf8226177,
        type: 3}
      propertyPath: m_Bounds.m_Extent.x
      value: 0.30513507
      objectReference: {fileID: 0}
    - target: {fileID: 7107068984619995627, guid: 36e11fc1e06194a98a1db9bdf8226177,
        type: 3}
      propertyPath: m_Bounds.m_Extent.y
      value: 0.9620564
      objectReference: {fileID: 0}
    - target: {fileID: 7291663519161370225, guid: 36e11fc1e06194a98a1db9bdf8226177,
        type: 3}
      propertyPath: m_LocalPosition.x
      value: -0.5994452
      objectReference: {fileID: 0}
    - target: {fileID: 7291663519161370225, guid: 36e11fc1e06194a98a1db9bdf8226177,
        type: 3}
      propertyPath: m_LocalPosition.y
      value: 2.352314
      objectReference: {fileID: 0}
    - target: {fileID: 7291663519161370225, guid: 36e11fc1e06194a98a1db9bdf8226177,
        type: 3}
      propertyPath: m_LocalRotation.w
      value: 0.6075636
      objectReference: {fileID: 0}
    - target: {fileID: 7291663519161370225, guid: 36e11fc1e06194a98a1db9bdf8226177,
        type: 3}
      propertyPath: m_LocalRotation.x
      value: 0
      objectReference: {fileID: 0}
    - target: {fileID: 7291663519161370225, guid: 36e11fc1e06194a98a1db9bdf8226177,
        type: 3}
      propertyPath: m_LocalRotation.y
      value: 0
      objectReference: {fileID: 0}
    - target: {fileID: 7291663519161370225, guid: 36e11fc1e06194a98a1db9bdf8226177,
        type: 3}
      propertyPath: m_LocalRotation.z
      value: -0.7942711
      objectReference: {fileID: 0}
    - target: {fileID: 7291663519161370225, guid: 36e11fc1e06194a98a1db9bdf8226177,
        type: 3}
      propertyPath: m_LocalEulerAnglesHint.z
      value: 0
      objectReference: {fileID: 0}
    - target: {fileID: 7570736753587772076, guid: 36e11fc1e06194a98a1db9bdf8226177,
        type: 3}
      propertyPath: m_LocalScale.x
      value: 1
      objectReference: {fileID: 0}
    - target: {fileID: 7570736753587772076, guid: 36e11fc1e06194a98a1db9bdf8226177,
        type: 3}
      propertyPath: m_LocalPosition.y
      value: 2.180397
      objectReference: {fileID: 0}
    - target: {fileID: 7570736753587772076, guid: 36e11fc1e06194a98a1db9bdf8226177,
        type: 3}
      propertyPath: m_LocalRotation.w
      value: 0.6622107
      objectReference: {fileID: 0}
    - target: {fileID: 7570736753587772076, guid: 36e11fc1e06194a98a1db9bdf8226177,
        type: 3}
      propertyPath: m_LocalRotation.x
      value: 0
      objectReference: {fileID: 0}
    - target: {fileID: 7570736753587772076, guid: 36e11fc1e06194a98a1db9bdf8226177,
        type: 3}
      propertyPath: m_LocalRotation.y
      value: 0
      objectReference: {fileID: 0}
    - target: {fileID: 7570736753587772076, guid: 36e11fc1e06194a98a1db9bdf8226177,
        type: 3}
      propertyPath: m_LocalRotation.z
      value: -0.7493177
      objectReference: {fileID: 0}
    - target: {fileID: 7570736753587772076, guid: 36e11fc1e06194a98a1db9bdf8226177,
        type: 3}
      propertyPath: m_LocalEulerAnglesHint.z
      value: 0
      objectReference: {fileID: 0}
    - target: {fileID: 8668708656557964559, guid: 36e11fc1e06194a98a1db9bdf8226177,
        type: 3}
      propertyPath: m_LocalScale.x
      value: 1
      objectReference: {fileID: 0}
    - target: {fileID: 8668708656557964559, guid: 36e11fc1e06194a98a1db9bdf8226177,
        type: 3}
      propertyPath: m_LocalPosition.x
      value: 0.1560819
      objectReference: {fileID: 0}
    - target: {fileID: 8668708656557964559, guid: 36e11fc1e06194a98a1db9bdf8226177,
        type: 3}
      propertyPath: m_LocalPosition.y
      value: 0.7688735
      objectReference: {fileID: 0}
    - target: {fileID: 8668708656557964559, guid: 36e11fc1e06194a98a1db9bdf8226177,
        type: 3}
      propertyPath: m_LocalRotation.w
      value: 0.8174155
      objectReference: {fileID: 0}
    - target: {fileID: 8668708656557964559, guid: 36e11fc1e06194a98a1db9bdf8226177,
        type: 3}
      propertyPath: m_LocalRotation.x
      value: 0
      objectReference: {fileID: 0}
    - target: {fileID: 8668708656557964559, guid: 36e11fc1e06194a98a1db9bdf8226177,
        type: 3}
      propertyPath: m_LocalRotation.y
      value: 0
      objectReference: {fileID: 0}
    - target: {fileID: 8668708656557964559, guid: 36e11fc1e06194a98a1db9bdf8226177,
        type: 3}
      propertyPath: m_LocalRotation.z
      value: 0.5760486
      objectReference: {fileID: 0}
    - target: {fileID: 8668708656557964559, guid: 36e11fc1e06194a98a1db9bdf8226177,
        type: 3}
      propertyPath: m_LocalEulerAnglesHint.z
      value: 0
      objectReference: {fileID: 0}
    m_RemovedComponents: []
  m_SourcePrefab: {fileID: -3569725977697073867, guid: 36e11fc1e06194a98a1db9bdf8226177,
    type: 3}
--- !u!1 &7743024961251495264 stripped
GameObject:
  m_CorrespondingSourceObject: {fileID: 7020984484114851460, guid: 36e11fc1e06194a98a1db9bdf8226177,
    type: 3}
  m_PrefabInstance: {fileID: 728259452378098660}
  m_PrefabAsset: {fileID: 0}
--- !u!4 &5888042602300425489 stripped
Transform:
  m_CorrespondingSourceObject: {fileID: 6606160056334085877, guid: 36e11fc1e06194a98a1db9bdf8226177,
    type: 3}
  m_PrefabInstance: {fileID: 728259452378098660}
  m_PrefabAsset: {fileID: 0}
--- !u!1001 &7196016199289124609
PrefabInstance:
  m_ObjectHideFlags: 0
  serializedVersion: 2
  m_Modification:
    m_TransformParent: {fileID: 728259453278569003}
    m_Modifications:
    - target: {fileID: -4073332360178062615, guid: 6695b46c40050480784f4d8f14ee4d1c,
        type: 3}
      propertyPath: m_Name
      value: Red_Idle
      objectReference: {fileID: 0}
    - target: {fileID: -4073332360178062615, guid: 6695b46c40050480784f4d8f14ee4d1c,
        type: 3}
      propertyPath: m_IsActive
      value: 1
      objectReference: {fileID: 0}
    - target: {fileID: 2905864716010221957, guid: 6695b46c40050480784f4d8f14ee4d1c,
        type: 3}
      propertyPath: m_RootOrder
      value: 1
      objectReference: {fileID: 0}
    - target: {fileID: 2905864716010221957, guid: 6695b46c40050480784f4d8f14ee4d1c,
        type: 3}
      propertyPath: m_LocalScale.x
      value: 0.36
      objectReference: {fileID: 0}
    - target: {fileID: 2905864716010221957, guid: 6695b46c40050480784f4d8f14ee4d1c,
        type: 3}
      propertyPath: m_LocalScale.y
      value: 0.36
      objectReference: {fileID: 0}
    - target: {fileID: 2905864716010221957, guid: 6695b46c40050480784f4d8f14ee4d1c,
        type: 3}
      propertyPath: m_LocalScale.z
      value: 0.36
      objectReference: {fileID: 0}
    - target: {fileID: 2905864716010221957, guid: 6695b46c40050480784f4d8f14ee4d1c,
        type: 3}
      propertyPath: m_LocalPosition.x
      value: 0
      objectReference: {fileID: 0}
    - target: {fileID: 2905864716010221957, guid: 6695b46c40050480784f4d8f14ee4d1c,
        type: 3}
      propertyPath: m_LocalPosition.y
      value: -0.568
      objectReference: {fileID: 0}
    - target: {fileID: 2905864716010221957, guid: 6695b46c40050480784f4d8f14ee4d1c,
        type: 3}
      propertyPath: m_LocalPosition.z
      value: 0
      objectReference: {fileID: 0}
    - target: {fileID: 2905864716010221957, guid: 6695b46c40050480784f4d8f14ee4d1c,
        type: 3}
      propertyPath: m_LocalRotation.w
      value: 1
      objectReference: {fileID: 0}
    - target: {fileID: 2905864716010221957, guid: 6695b46c40050480784f4d8f14ee4d1c,
        type: 3}
      propertyPath: m_LocalRotation.x
      value: 0
      objectReference: {fileID: 0}
    - target: {fileID: 2905864716010221957, guid: 6695b46c40050480784f4d8f14ee4d1c,
        type: 3}
      propertyPath: m_LocalRotation.y
      value: 0
      objectReference: {fileID: 0}
    - target: {fileID: 2905864716010221957, guid: 6695b46c40050480784f4d8f14ee4d1c,
        type: 3}
      propertyPath: m_LocalRotation.z
      value: 0
      objectReference: {fileID: 0}
    - target: {fileID: 2905864716010221957, guid: 6695b46c40050480784f4d8f14ee4d1c,
        type: 3}
      propertyPath: m_LocalEulerAnglesHint.x
      value: 0
      objectReference: {fileID: 0}
    - target: {fileID: 2905864716010221957, guid: 6695b46c40050480784f4d8f14ee4d1c,
        type: 3}
      propertyPath: m_LocalEulerAnglesHint.y
      value: 0
      objectReference: {fileID: 0}
    - target: {fileID: 2905864716010221957, guid: 6695b46c40050480784f4d8f14ee4d1c,
        type: 3}
      propertyPath: m_LocalEulerAnglesHint.z
      value: 0
      objectReference: {fileID: 0}
    m_RemovedComponents: []
  m_SourcePrefab: {fileID: -8003136951468726891, guid: 6695b46c40050480784f4d8f14ee4d1c,
    type: 3}
--- !u!4 &5444524343876175492 stripped
Transform:
  m_CorrespondingSourceObject: {fileID: 2905864716010221957, guid: 6695b46c40050480784f4d8f14ee4d1c,
    type: 3}
  m_PrefabInstance: {fileID: 7196016199289124609}
  m_PrefabAsset: {fileID: 0}
--- !u!1001 &9162134344420705723
PrefabInstance:
  m_ObjectHideFlags: 0
  serializedVersion: 2
  m_Modification:
    m_TransformParent: {fileID: 728259453278569003}
    m_Modifications:
    - target: {fileID: -1587057067872959403, guid: 2b22a2b87aab341dc8ac8fedaa806573,
        type: 3}
      propertyPath: m_Name
      value: Red_fall
      objectReference: {fileID: 0}
    - target: {fileID: -1587057067872959403, guid: 2b22a2b87aab341dc8ac8fedaa806573,
        type: 3}
      propertyPath: m_IsActive
      value: 0
      objectReference: {fileID: 0}
    - target: {fileID: 7768019199794201851, guid: 2b22a2b87aab341dc8ac8fedaa806573,
        type: 3}
      propertyPath: m_RootOrder
      value: 2
      objectReference: {fileID: 0}
    - target: {fileID: 7768019199794201851, guid: 2b22a2b87aab341dc8ac8fedaa806573,
        type: 3}
      propertyPath: m_LocalScale.x
      value: 0.36
      objectReference: {fileID: 0}
    - target: {fileID: 7768019199794201851, guid: 2b22a2b87aab341dc8ac8fedaa806573,
        type: 3}
      propertyPath: m_LocalScale.y
      value: 0.36
      objectReference: {fileID: 0}
    - target: {fileID: 7768019199794201851, guid: 2b22a2b87aab341dc8ac8fedaa806573,
        type: 3}
      propertyPath: m_LocalScale.z
      value: 0.36
      objectReference: {fileID: 0}
    - target: {fileID: 7768019199794201851, guid: 2b22a2b87aab341dc8ac8fedaa806573,
        type: 3}
      propertyPath: m_LocalPosition.x
      value: 0
      objectReference: {fileID: 0}
    - target: {fileID: 7768019199794201851, guid: 2b22a2b87aab341dc8ac8fedaa806573,
        type: 3}
      propertyPath: m_LocalPosition.y
      value: -0.561
      objectReference: {fileID: 0}
    - target: {fileID: 7768019199794201851, guid: 2b22a2b87aab341dc8ac8fedaa806573,
        type: 3}
      propertyPath: m_LocalPosition.z
      value: 0
      objectReference: {fileID: 0}
    - target: {fileID: 7768019199794201851, guid: 2b22a2b87aab341dc8ac8fedaa806573,
        type: 3}
      propertyPath: m_LocalRotation.w
      value: 1
      objectReference: {fileID: 0}
    - target: {fileID: 7768019199794201851, guid: 2b22a2b87aab341dc8ac8fedaa806573,
        type: 3}
      propertyPath: m_LocalRotation.x
      value: 0
      objectReference: {fileID: 0}
    - target: {fileID: 7768019199794201851, guid: 2b22a2b87aab341dc8ac8fedaa806573,
        type: 3}
      propertyPath: m_LocalRotation.y
      value: 0
      objectReference: {fileID: 0}
    - target: {fileID: 7768019199794201851, guid: 2b22a2b87aab341dc8ac8fedaa806573,
        type: 3}
      propertyPath: m_LocalRotation.z
      value: 0
      objectReference: {fileID: 0}
    - target: {fileID: 7768019199794201851, guid: 2b22a2b87aab341dc8ac8fedaa806573,
        type: 3}
      propertyPath: m_LocalEulerAnglesHint.x
      value: 0
      objectReference: {fileID: 0}
    - target: {fileID: 7768019199794201851, guid: 2b22a2b87aab341dc8ac8fedaa806573,
        type: 3}
      propertyPath: m_LocalEulerAnglesHint.y
      value: 0
      objectReference: {fileID: 0}
    - target: {fileID: 7768019199794201851, guid: 2b22a2b87aab341dc8ac8fedaa806573,
        type: 3}
      propertyPath: m_LocalEulerAnglesHint.z
      value: 0
      objectReference: {fileID: 0}
    m_RemovedComponents: []
  m_SourcePrefab: {fileID: 6686616035244119365, guid: 2b22a2b87aab341dc8ac8fedaa806573,
    type: 3}
--- !u!4 &1507576584716910912 stripped
Transform:
  m_CorrespondingSourceObject: {fileID: 7768019199794201851, guid: 2b22a2b87aab341dc8ac8fedaa806573,
    type: 3}
  m_PrefabInstance: {fileID: 9162134344420705723}
  m_PrefabAsset: {fileID: 0}
